@article{Brooks2012,
author = {Brooks, Christopher A. and Iagnemma, Karl},
journal = {Journal of Field Robotics},
number = {3},
pages = {445--468},
title = {{Self‚Äêsupervised terrain classification for planetary surface exploration rovers}},
volume = {29},
year = {2012}
}

@ONLINE{motivation1,
	author = {WordPress.com},
	title = {Nine Good Reasons for Space Exploration},
	month = {Avril},
	year = {2014},
	url = {http://martianchronicles.wordpress.com/2008/04/16/nine-good-reasons-for-space-exploration/}
}

@ONLINE{motivation2,
	author = {NASA},
	title = {Mars, Water and Life},
	month = {Avril},
	year = {2014},
	url = {http://mars.jpl.nasa.gov/msp98/why.html}
}

@ONLINE{spirit,
	author = {Wikipedia},
	title = {Spirit (rover)},
	month = {Avril},
	year = {2014},
	url = {http://fr.wikipedia.org/wiki/Spirit_(rover)}
}

@ONLINE{nasa,
	author = {NASA},
	title = {Curiosity},
	month = {Avril},
	year = {2014},
	url = {http://www.nasa.gov/}
}

